2186 3103
589 235 870 280 Monographz'a
897 237 1042 279 generis
1069 237 1272 272 Midarzmz,
1682 246 1730 279 35

125 352 336 401 reserens,
386 364 409 391 a
443 351 569 392 tertio
610 351 793 391 omnino
833 349 1082 402 distinctus,
1129 354 1179 394 in
1217 354 1442 397 nonnullis
1487 355 1728 413 bipartitus,

124 426 246 479 apice
278 432 502 465 truncatus
541 433 583 465 et
616 424 789 465 interne
831 434 1074 476 excavatus,
1120 427 1221 467 sinu
1258 428 1473 482 spinulam
1510 443 1541 470 s·
1572 430 1730 485 stylum

122 512 250 552 saepe
278 497 638 539 obsoletissimum
662 496 729 538 vel
750 497 878 552 plane
900 497 1068 540 nullum
1095 501 1362 542 continente.
1423 501 1565 556 Caput
1587 511 1730 544 trans-

123 586 315 622 versum,
361 569 564 612 stethidio
595 570 724 626 paulo
756 571 903 622 latius;
950 574 1160 627 epistoma
1190 574 1239 627 16)
1271 573 1541 616 descendens
1571 575 1730 630 sphae-

122 648 518 695 rico-convexum,
550 659 680 700 supra
708 646 914 700 utrinque
944 645 1163 700 profunde
1193 647 1473 701 impressum
1505 648 1626 690 frons
1656 657 1730 691 tu·

121 719 300 761 herculo
332 718 478 760 medio
510 720 692 769 maiore,
724 719 997 774 planiuseulo
1030 720 1198 777 glabro,
1236 720 1610 777 longitudinaliter
1639 722 1732 764 sul-

123 802 237 855 cato,
283 792 508 847 ocelloquc
547 794 763 834 anteriore
803 794 973 834 minore
1018 793 1381 849 hemisphaerico.
1419 793 1469 850 ¹⁷)
1557 794 1730 837 Thorax

124 864 588 922 oblongo-quadratus,
621 865 848 908 latitudine
873 868 1029 907 triente
1052 866 1235 923 longior,
1260 866 1453 909 humeris
1479 877 1598 910 extus
1623 882 1730 923 pro-

122 939 403 990 minentibus,
435 939 613 980 scutello
636 948 894 990 transverso,
927 939 1204 992 brevissim03
1235 940 1526 982 metathorace
1557 944 1731 999 magni-

121 1011 273 1054 tudine
303 1012 812 1055 seutellum'excedente.
872 1011 1102 1055 Abdomen
1133 1014 1522 1069 subcylindricum,
1554 1024 1730 1069 septan-

120 1086 336 1137 nulatum,
385 1086 548 1128 annulo
588 1088 731 1141 primo
769 1087 921 1129 latiore
960 1088 1103 1128 antice
1147 1090 1354 1142 utrinque
1392 1089 1440 1128 in
1477 1101 1729 1142 processum

121 1161 425 1201 brevissimum
465 1160 781 1202 acutiusculum
821 1168 1011 1201 extenso.
1080 1161 1223 1202 Partes
1262 1161 1468 1218 genitales
1505 1162 1554 1202 in
1591 1160 1730 1201 abdo-

119 1234 253 1274 minis
293 1234 416 1288 apice
461 1234 585 1284 sitae,
632 1233 824 1275 maribus
862 1232 1035 1275 laminis
1082 1233 1250 1275 duabus
1295 1233 1540 1275 lateralibus
1579 1242 1729 1283 tectae,

120 1307 295 1349 feminis
326 1306 473 1348 setulis
505 1309 771 1349 terminatae,
828 1306 931 1348 Alae
962 1309 1238 1349 transversim
1269 1316 1463 1363 rugatae,
1496 1307 1731 1350 abdomine

120 1381 292 1422 latiores
331 1389 373 1421 et
408 1380 666 1436 plerumque
704 1379 833 1436 paulo
874 1380 1093 1437 longiores
1132 1382 1199 1434 (in
1231 1380 1457 1422 nonnullis
1487 1381 1729 1435 speciebUS‚

121 1456 350 1497 maximam
380 1462 545 1509 partem
576 1455 842 1504 minoribus,
886 1454 1016 1509 paulo
1048 1454 1310 1509 breviores),
1349 1453 1443 1494 basi
1473 1453 1619 1495 lobulo
1655 1456 1731 1496 in-

121 1539 245 1570 terno
292 1527 459 1582 duplici
500 1528 671 1568 minore
717 1528 912 1585 margine
959 1527 1125 1576 ciliat03
1185 1527 1367 1568 halteres
1414 1526 1523 1568 nudi
1566 1527 1731 1569 breves.

124 1600 254 1642 Pedes
284 1599 402 1641 haud
433 1599 638 1657 elongati,
684 1599 923 1642 semoribus
954 1602 1133 1656 posticis
1162 1599 1419 1654 plerumque
1449 1599 1578 1655 paulo
1611 1615 1732 1643 cras-

119 1675 321 1724 sim-ibus,
352 1674 500 1715 subtus
534 1672 700 1728 duplici
730 1675 840 1715 serie
871 1674 1110 1728 spinarum,
1141 1673 1258 1715 tibiis
1281 1674 1460 1727 posticis
1489 1675 1615 1730 spina
1639 1683 1731 1716 ter-

122 1748 273 1791 minali
302 1749 486 1790 armatis.

171 1972 217 2013 ¹⁶)
247 1975 319 2015 Quo
343 1972 475 2013 quidem
497 1974 636 2003 termino
659 1972 808 2003 technico
830 1972 1014 2004 Latreinius
1041 1975 1075 2003 in
1105 1973 1323 2002 recentissimo
1350 1981 1407 2002 suo
1435 1982 1534 2012 opere
1561 1973 1729 2012 (Familles

249 2032 427 2062 natur-elles
448 2032 494 2060 clu
516 2031 614 2071 regne
635 2032 768 2063 animal.
798 2031 893 2061 Paris
908 2034 1016 2071 1825.)
1050 2042 1143 2068 usus,
1181 2031 1253 2060 loco
1289 2031 1435 2061 vocabuli
1466 2030 1727 2072 hypostoma,

250 2090 335 2130 quod
357 2089 504 2127 Bouche‚
528 2090 762 2128 Berolinensis,
786 2097 880 2120 antea
902 2096 1113 2130 proposuerat
1134 2089 1175 2119 ad
1196 2090 1323 2120 literam
1346 2090 1482 2120 verbum
1503 2088 1624 2128 „facies
1645 2090 1728 2119 infe-

248 2151 336 2179 πῖθι-ι(
351 2148 611 2188 (Umergesicht)
627 2155 750 2180 vertere
769 2150 913 2189 cupiens·
949 2148 1011 2180 Sed
1031 2159 1108 2179 cum
1130 2151 1217 2186 στόμα
1238 2158 1303 2178 non
1325 2148 1471 2178 faciem
1493 2148 1549 2177 sed
1571 2157 1610 2178 os
1632 2149 1727 2189 signi-

246 2207 337 2245 ficet,
364 2207 461 2237 facies
483 2207 632 2245 inferior,
656 2210 730 2248 quia
752 2209 902 2248 proxime
923 2217 1018 2248 supra
1041 2209 1102 2237 oris
1126 2217 1238 2238 cavum
1259 2209 1316 2238 sita
1337 2212 1394 2245 est,
1419 2206 1573 2237 vocabulo
1596 2209 1730 2242 επίστομεε

248 2265 441 2306 designanda
461 2271 540 2298 erat.

173 2323 219 2364 ι7)
248 2323 343 2365 Quod
365 2324 486 2354 ocellus
508 2330 542 2356 et
562 2326 598 2355 in
618 2325 768 2355 maximis
791 2325 923 2365 quidem
940 2324 1106 2365 speciebus
1123 2334 1181 2364 pro
1201 2324 1258 2354 tali
1274 2324 1420 2364 cognosci
1438 2332 1504 2354 non
1521 2328 1636 2362 potest,
1653 2322 1727 2352 inde

250 2382 321 2413 fieri
345 2383 510 2420 existimo,
546 2383 633 2423 quod
659 2385 694 2414 in
722 2383 927 2415 calidioribus
957 2383 1154 2423 regionibus,
1187 2383 1246 2413 ubi
1267 2382 1329 2412 hae
1350 2382 1470 2411 bestiae
1491 2383 1587 2411 unice
1609 2383 1727 2417 vivunt,

252 2442 388 2472 celerius
402 2442 612 2479 exsiccentur,
642 2442 693 2473 vel
716 2442 801 2481 quod
824 2442 944 2475 horum
966 2442 1144 2472 ocellorum
1167 2451 1303 2471 corneae
1322 2441 1496 2470 teneriores
1513 2441 1576 2469 sint
1596 2445 1628 2468 et
1645 2438 1727 2468 mol·

251 2501 346 2529 liores
369 2510 466 2538 quam
495 2501 529 2528 iu
550 2500 623 2529 aliis,
