2186 3103
608 234 891 280 Monograplzz'a
916 234 1062 279 generis
1087 234 1293 269 Midarum.
1703 244 1751 278 55

147 352 229 393 Pro
262 349 409 394 Mida
438 349 617 393 lineato
650 348 828 402 Olivier,
858 365 944 392 v.s.
973 363 1068 407 pag.
1088 355 1157 401 33,
1191 351 1416 394 vittatam
1445 351 1663 407 haberem,
1693 356 1752 399 li-

147 434 215 466 cet
243 426 323 466 iste
352 425 619 480 nigricantes
649 423 782 479 pedes
813 432 855 465 et
884 424 1100 466 abdomen
1129 424 1289 466 habere
1321 425 1488 468 dicatur
1523 430 1643 481 (nam
1672 442 1752 471 ru-

144 497 238 539 sum
268 506 311 539 et
338 499 561 554 nigricans
590 499 707 539 inter
734 512 780 539 se
810 512 902 539 non
931 500 989 540 ita
1021 508 1083 539 est
1106 498 1335 550 diversum,
1362 509 1594 556 utrumque
1622 504 1751 544 etiam

144 586 270 627 saepe
305 571 479 627 variat),
525 571 613 612 nisi
644 570 808 613 Olivier
839 571 1004 613 diceret
1033 571 1087 613 de
1117 572 1295 616 lineato
1327 587 1425 614 suo:
1472 574 1636 617 femora
1666 591 1750 631 po-

143 647 251 687 stica
288 645 436 686 subtus
476 658 567 684 csse
604 644 757 686 leviter
793 645 969 700 spinosa
1007 654 1048 686 et
1084 659 1238 700 parum
1273 648 1528 698 incrassata3
1570 663 1669 690 cum
1700 652 1750 691 in

142 720 317 761 vittato
356 726 504 758 nostro
541 717 640 771 pilis
677 727 843 759 tantum
882 719 1129 760 tenerrimis
1168 719 1305 761 obsita
1341 720 1438 760 sint.
1501 720 1749 765 Dolondum

144 801 219 843 est,
251 791 368 847 quod
399 791 653 846 magnitudo
684 805 778 833 non
809 801 870 833 est
898 792 1102 844 indicata,
1129 806 1231 834 nam
1261 792 1422 834 dicitur
1452 803 1638 836 tantum:
1670 797 1749 837 ab·

144 865 306 907 domen
335 864 470 906 multo
503 864 706 921 gracilius
738 865 961 922 (aminci)
995 881 1099 916 esse,
1132 881 1263 921 quam
1292 869 1341 908 in
1370 868 1515 910 Mida
1530 867 1691 923 fi'lato.

629 1093 699 1134 23.
762 1088 958 1132 Midas
996 1089 1261 1133 callosus.

256 1212 408 1269 Niger,
449 1211 680 1253 abdomine
712 1212 983 1267 pedibusque
1014 1211 1378 1264 fuscano-flavis,
1419 1213 1652 1255 abdomine
1684 1214 1749 1254 se·-

141 1287 286 1328 minac
317 1287 466 1343 n.igro;
505 1286 580 1328 alis
612 1286 836 1328 brunneis.
896 1286 1034 1342 Long.
1066 1287 1141 1327 lin.
1171 1289 1311 1331 4—5.
1378 1287 1411 1327 E
1445 1288 1746 1329 Promontorio

140 1360 283 1402 bonae
313 1361 419 1414 spei.

646 1465 748 1507 Tab.
779 1465 888 1508 LIV.
929 1466 1021 1522 Fig.
1044 1472 1112 1511 22.
1141 1474 1177 1517 ὅ,
1210 1475 1242 1508 2.

240 1591 425 1627 Wiedem.
453 1593 714 1637 Aussereurop.
744 1592 875 1637 zwez'fl.
905 1593 1034 1627 Insect.
1064 1594 1090 1627 Ι.
1118 1592 1204 1628 580.
1229 1594 1286 1628 12.

253 1741 482 1783 Antennae
520 1742 688 1797 nigrae,
737 1740 855 1782 clava
893 1738 1235 1791 flavido-rubra‚
1272 1742 1321 1782 in
1350 1740 1513 1782 femina
1544 1741 1745 1784 articulus

136 1815 287 1857 tertius
316 1816 404 1856 iam
434 1813 794 1855 fusco-rubidus.
861 1813 1094 1868 Epistoma,
1134 1814 1275 1865 frons,
1324 1816 1502 1869 occiput
1540 1815 1590 1855 in
1626 1829 1743 1857 marc

137 1887 398 1938 albo-hirta,
437 1887 487 1927 in
517 1886 680 1928 femina
710 1888 870 1942 absque
902 1887 1096 1928 hirsutie.
1166 1887 1336 1928 Thorax
1364 1889 1502 1944 niger,
1540 1889 1589 1928 in
1626 1903 1742 1930 mare

135 1961 252 2003 vittis
293 1959 459 2002 duabus
502 1961 859 2017 marginibusque
902 1960 1147 2002 lateralibus
1190 1961 1339 2015 pilosis
1385 1959 1741 2012 flavo-fuscanis,

135 2033 204 2076 his
234 2046 337 2075 vero
369 2042 487 2074 extus
518 2034 616 2088 pilis
649 2034 768 2075 albis.
833 2033 1012 2074 Pleurae
1042 2035 1192 2088 piceae
1224 2034 1392 2075 macula
1422 2036 1588 2089 postica
1619 2050 1641 2075 e
1672 2037 1743 2089 pi·-

135 2106 188 2150 lis
218 2106 345 2159 albis3
376 2108 425 2148 in
455 2106 618 2148 femina
648 2107 728 2162 pili
756 2107 879 2148 nulli.
938 2106 1168 2148 Abdomen
1198 2108 1328 2148 maris
1356 2107 1571 2163 glabrum,
1602 2108 1743 2148 brun-

136 2179 476 2223 neo-flavidum:
507 2181 606 2236 pilis
639 2181 800 2236 aliquot
830 2180 935 2222 albis
960 2181 1008 2222 in
1030 2182 1172 2235 primo
1197 2189 1434 2237 segmentO,
1468 2180 1575 2221 callo
1601 2189 1742 2222 trans-2-

135 2268 260 2296 verso
292 2255 498 2309 utrinque
527 2256 577 2296 in
607 2253 823 2305 secund03
856 2263 1049 2295 ceterum
1081 2253 1295 2295 abdomen
1325 2263 1464 2294 totum
1487 2253 1644 2307 piliolis
1675 2263 1742 2293 te-

135 2328 358 2369 nuissimis
397 2327 660 2369 brevissimis
698 2329 770 2369 vix
809 2329 1058 2382 conspicuis
1097 2328 1297 2368 obsitum.
1356 2328 1562 2368 Feminae
1604 2326 1742 2368 abdo-

138 2414 241 2442 men
273 2409 424 2441 contra
454 2401 776 2456 glaberrimum,
808 2399 1148 2457 fusco-nigrum,
1181 2402 1367 2441 anticam
1399 2410 1563 2455 partem
1592 2414 1740 2442 versus

140 2473 755 2528 brunneo-subdiaphanum;
803 2487 909 2515 anus
945 2474 1127 2528 spinulis
1159 2474 1225 2514 vel
1256 2474 1401 2515 setulis
1434 2475 1635 2514 brevibus
1664 2486 1742 2514 ru-
