2186 3103
416 248 464 283 54
985 239 1027 274 C.
1056 240 1097 273 R.
1129 238 1175 273 G.
1207 237 1462 278 XVffiDmmm,

419 371 480 404 tes
512 361 655 417 nigra5
686 358 875 399 feminae
907 353 961 397 ad
991 353 1224 397 dimidium
1255 368 1392 409 usque
1423 353 1643 404 brunnea,
1675 353 1768 395 'basi
1796 354 1845 395 in
1876 354 2031 396 ambo-

417 436 496 478 hus
533 433 653 475 flava.
739 431 888 473 Tibiae
933 430 1123 484 posticae
1169 430 1293 483 apice
1333 429 1380 470 in
1419 441 1537 470 mare
1575 427 1732 484 magiS,
1779 428 1829 470 in
1866 427 2030 471 semina

419 508 555 550 multo
587 508 731 549 minus
762 506 1002 548 brunneae.
1060 502 1113 546 In
1142 502 1291 545 Museo
1322 501 1610 545 Berolinensi.

905 728 974 767 22.
1032 721 1235 765 Midas
1273 721 1539 763 vittatus.

536 848 695 898 Canus,
727 847 906 890 thorace
939 848 1053 888 vittis
1085 846 1276 903 nigellis;
1317 843 1549 886 abdomine
1587 842 1789 885 brunneo
1830 842 2031 885 albo-fa-

418 924 564 964 sciato.
625 921 762 978 Long.
792 921 868 963 lin.
901 925 968 981 δὲ.
998 928 1033 962 8.
1092 919 1160 961 Ex
1190 919 1346 960 Nubia.

596 1046 697 1088 Tab.
727 1045 836 1088 LIV.
895 1045 987 1102 Fig.
1018 1049 1086 1089 23.
1149 1058 1192 1085 a.
1224 1043 1373 1084 Venae
1405 1040 1507 1082 alae.
1566 1039 1607 1082 b.
1637 1041 1855 1082 Antenna.

630 1134 666 1162 c.
698 1120 775 1160 Pes
807 1120 1012 1174 posticus.
1070 1122 1138 1162 23.
1169 1117 1212 1159 d.
1243 1116 1321 1157 Ala
1351 1113 1653 1171 magnitudine
1685 1123 1823 1156 aucta.

520 1245 706 1280 XViedem.
735 1247 1001 1289 Ausscrcump.
1031 1242 1163 1289 zwezfl.
1191 1244 1322 1277 Insect.
1352 1242 1380 1275 I.
1408 1240 1495 1277 559.
1517 1243 1577 1277 37.

531 1397 761 1437 Antennae
793 1395 956 1449 nigrae,
987 1391 1263 1449 longitudine
1295 1390 1553 1441 medioeres,
1586 1390 1704 1431 clava
1732 1403 1883 1442 crassa,
1916 1390 2034 1432 haud

417 1468 649 1511 subdivisa.
739 1467 962 1522 Epistoma
998 1466 1357 1515 niveo-hirtum;
1408 1464 1529 1505 frons
1578 1473 1620 1505 et
1663 1465 1841 1519 occiput
1884 1466 2031 1507 minus

419 1544 525 1585 alba.
586 1541 756 1582 Thorax
789 1556 943 1582 canus:
973 1542 1089 1582 vittis
1124 1541 1260 1582 tribus
1298 1539 1436 1594 nigris
1476 1536 1592 1578 haud
1629 1538 1905 1593 interruptis,
1946 1539 2034 1580 hu-

418 1617 550 1658 meris
583 1615 715 1656 dilute
747 1613 927 1654 rubidis.
993 1613 1171 1653 Pleurae
1209 1612 1390 1654 albidae.
1456 1610 1688 1652 Abdomen
1719 1611 1891 1653 fuscum
1922 1627 2034 1669 pau-

418 1690 509 1730 lum
538 1690 588 1730 in
617 1686 827 1728 rubidum
857 1686 1093 1736 transiens;
1137 1699 1287 1741 margo
1319 1693 1645 1740 segmentorum
1674 1687 1868 1740 posticus
1899 1686 2033 1729 albus.

418 1763 521 1804 Alae
552 1760 899 1815 limpidissimae,
929 1761 1052 1801 venis
1083 1757 1412 1801 flavido-albis:
1460 1766 1576 1799 costa
1615 1759 1742 1813 paulo
1779 1761 1915 1816 magis
1951 1758 2034 1802 fla-

419 1835 529 1877 vida.
588 1833 722 1875 Pedes
753 1834 956 1876 hrunnei.
1014 1833 1066 1876 In
1090 1832 1242 1875 Museo
1265 1831 1635 1883 Francofurtano;
1666 1846 1689 1874 a
1719 1831 1952 1888 Riippellio
1983 1834 2033 1875 in

420 1909 562 1951 Nuhia
595 1917 757 1964 captuS.

533 1982 710 2036 Species
749 1983 849 2032 ista,
900 1996 924 2023 a
954 1981 1160 2037 Savignio
1200 1980 1335 2037 (teste
1366 1979 1585 2021 Latreillio
1618 1994 1655 2022 V.
1683 1995 1713 2021 s.
1744 1994 1839 2037 pag.
1860 1979 1945 2035 27)
1981 1995 2032 2021 ex

420 2056 615 2111 Aegypto
656 2053 851 2106 advecta,
900 2069 1010 2110 quae
1047 2063 1194 2096 tamen
1231 2054 1352 2095 nullo
1390 2053 1474 2095 alio
1511 2053 1631 2104 loeo,
1670 2066 1753 2094 nec
1792 2054 1841 2094 in
1871 2067 2030 2110 magno

420 2127 601 2184 quidem
631 2127 705 2169 illo
738 2127 881 2183 Opere
912 2130 1191 2185 Aegyptiaco,
1230 2129 1307 2170 uhi
1347 2127 1570 2182 complura
1608 2127 1689 2168 alia
1727 2129 1895 2169 insecta
1929 2137 2032 2168 sunt

421 2200 612 2256 depicta,
654 2201 781 2243 nobis
814 2201 1029 2257 descripta
1059 2211 1142 2253 est,
1188 2201 1276 2243 hue
1310 2200 1539 2243 referenda
1570 2215 1661 2242 esse
1691 2199 1883 2252 videtum
1928 2215 2031 2244 nam

420 2283 656 2325 antennae,
703 2275 811 2326 alae,
855 2275 1075 2331 pedesque
1118 2275 1284 2318 vittati
1330 2276 1487 2326 nostri,
1531 2288 1681 2317 revera
1720 2289 1744 2316 a
1783 2283 2031 2317 ceterorum

420 2346 562 2390 forma
581 2348 851 2404 aliquantum
875 2348 1096 2401 differunt,
1130 2364 1182 2391 eo
1209 2349 1329 2406 quod
1353 2358 1644 2391 antennarum
1670 2347 1788 2390 clava
1817 2357 1881 2389 est
1911 2361 2031 2390 cras-

419 2422 531 2472 sior,
571 2421 664 2479 Fig·
689 2427 758 2469 23.
788 2438 840 2475 a,
885 2423 1050 2467 alarum
1077 2437 1190 2467 vena
1217 2422 1394 2480 apiealis
1430 2424 1521 2480 Fig.
1541 2427 1610 2468 23.
1640 2421 1702 2464 b*
1752 2429 1940 2463 extrema
1977 2421 2031 2463 ad

420 2494 788 2552 submarginalem
837 2500 1046 2550 excurrit,
1104 2497 1269 2541 femora
1304 2498 1471 2554 postica
1507 2497 1542 2540 F
1544 2498 1599 2555 ig.
1621 2510 1658 2541 c.
1693 2495 1831 2551 spinis
1869 2505 2030 2538 carent.
