2186 3103
581 244 820 290 Monograph
826 246 864 279 ia
895 247 1040 289 generis
1073 247 1279 282 Midarztm.
1685 258 1735 293 23

126 362 230 416 psit,
276 361 404 416 plane
442 373 536 400 non
576 361 867 410 conveniunt,
899 375 1009 415 quae
1045 362 1271 405 Fabricius
1313 363 1366 406 de
1403 365 1601 410 Bibione
1631 370 1734 414 illu-

124 442 256 483 cente
300 433 408 475 dicit
453 433 579 489 (Syst.
610 433 875 491 entomolog.
905 433 954 488 Ι.)
1000 434 1272 485 „semoribus
1303 441 1481 492 posticis
1511 444 1730 494 serratis“,

123 507 249 562 quid,
295 505 415 562 quod
444 507 575 548 verba
607 521 629 548 a
659 506 857 549 Linnaeo
889 507 1054 550 addita:
1100 510 1443 560 „abdominis
1482 528 1733 571 segmen-

123 590 228 622 tum
266 580 561 622 secundum
600 580 882 638 glaucum“
918 581 1169 624 Fabricium
1201 583 1359 626 docere
1390 596 1610 641 poterant,
1653 590 1732 632 Bi-

120 654 299 695 bionem
336 654 591 696 illucentem
627 669 750 696 suam
788 670 811 696 a
841 654 1029 697 Linnaei
1058 655 1207 699 Musca
1244 658 1449 700 illucente
1480 661 1607 715 plane
1639 678 1730 705 esse

120 726 346 768 diversam.

232 801 362 841 Anno
397 805 508 845 1794
538 800 712 843 demum
743 801 970 844 Fabricius
1003 803 1150 845 Genus
1182 804 1368 857 Midas,
1407 808 1522 859 sive,
1557 817 1605 849 ut
1633 810 1727 865 ipsc

121 883 368 915 constanter
397 875 581 930 scripsit,
616 874 811 932 Mydas,
840 877 890 917 in
918 875 1224 933 Entomologia
1254 882 1524 933 systematica
1540 881 1611 924 IV.
1629 886 1727 929 252.

119 948 359 997 constituit,
400 947 475 989 sed
513 963 776 1003 quamquam
813 948 1016 1006 Degeerii
1055 965 1162 1006 opus
1199 960 1240 991 et
1268 953 1420 994 icones
1450 955 1499 995 in
1530 970 1580 996 co
1615 971 1728 999 con·-

115 1030 250 1062 tentas
280 1022 519 1075 inspexisse
553 1022 724 1072 debuit,
770 1031 919 1064 tamen
956 1037 1050 1065 non
1090 1025 1231 1066 solum
1268 1026 1472 1082 Degeerii
1507 1028 1725 1073 Nemete-

112 1094 210 1136 Zum
244 1094 513 1137 zllucentem
550 1096 590 1136 ei
630 1094 950 1147 adnumeravit,
996 1097 1073 1138 sed
1103 1099 1232 1140 etiam
1262 1099 1496 1144 Bibionem
1536 1103 1725 1159 aliquam

112 1167 301 1223 (Therev
304 1182 371 1208 am
402 1168 531 1222 Latr.)
563 1170 747 1210 minime
777 1168 976 1221 dubiam,
1007 1169 1251 1214 Bibionem
1281 1173 1574 1220 bilineatam.
1604 1177 1640 1233 8)

222 1240 464 1282 Latreillius
495 1251 613 1283 recte
644 1241 809 1285 Midam
839 1243 1092 1286 illucentem
1128 1244 1338 1288 disiunxit
1374 1256 1416 1289 et
1453 1252 1665 1305 separavit
1701 1266 1724 1292 a

109 1315 272 1363 ceteris,
305 1317 531 1370 proprium
564 1329 713 1372 genus,
744 1315 1006 1368 Hermetia,
1039 1333 1089 1358 ex
1121 1333 1172 1359 eo
1205 1322 1493 1363 constituens:
1524 1323 1595 1374 „Ze
1625 1323 1721 1366 Mi-

105 1386 221 1436 „das
251 1387 445 1430 illucens
477 1404 595 1431 nous
626 1396 779 1446 ayant
809 1389 951 1448 offert
989 1391 1071 1434 des
1099 1395 1362 1435 caracteres
1389 1396 1722 1449 particuliers“

108 1485 162 1492 —
191 1475 293 1510 „ces
325 1464 587 1504 caracteres
626 1477 674 1504 se
713 1469 935 1506 trouvent
967 1465 1362 1522 principalement
1391 1467 1512 1509 dans
1540 1468 1608 1511 les
1639 1485 1720 1512 an·

102 1540 312 1586 „tennes,
344 1533 460 1577 dont
488 1534 539 1578 la
570 1535 779 1578 derniere
806 1537 937 1592 piece
968 1545 1037 1580 est
1067 1537 1381 1594 ellipsoidale,
1417 1540 1576 1583 moitie'
1605 1543 1717 1584 arti·

101 1606 277 1658 ‚,cule'e,
323 1608 482 1650 moitie'
511 1608 677 1664 simple
715 1616 760 1650 et
791 1610 1069 1665 comprimee
1099 1611 1220 1653 dans
1250 1611 1316 1653 les
1345 1611 1606 1667 hermities,
1651 1630 1717 1658 au

99 1678 222 1728 „lieu
252 1695 341 1737 que
371 1681 491 1723 dans
521 1681 589 1723 les
619 1680 772 1723 midas
804 1688 924 1724 cette
950 1683 1081 1738 piece
1111 1690 1179 1725 est
1204 1699 1260 1726 en
1286 1699 1472 1727 massae
1493 1685 1716 1730 inarticu-

97 1753 235 1802 „ldef‘
279 1753 315 1808 9)
396 1753 481 1794 Sed
524 1764 814 1796 antennarum
859 1754 1082 1796 diversitas
1126 1758 1214 1799 iam
1256 1773 1280 1799 a
1320 1757 1533 1815 Degeerio
1578 1760 1714 1814 probe

102 1827 323 1869 observata
362 1836 404 1868 et
436 1829 486 1869 in
524 1828 752 1870 Nemotolo
791 1842 870 1870 suo
911 1829 972 1879 „a
1002 1843 1193 1872 anneau
1229 1837 1563 1889 transparent“
1599 1833 1713 1875 bene

98 1901 227 1943 icone
259 1915 456 1956 expressa
487 1910 561 1943 cst.

209 1974 404 2016 Tandem
441 1974 668 2017 Fabricius
708 1988 880 2030 quoque
918 1975 1128 2019 Latrcillii
1172 1991 1309 2035 genus
1347 1978 1596 2023 Hermetia
1641 1995 1710 2023 as-

94 2048 247 2089 sumsit
283 2048 334 2088 in
368 2047 604 2101 Systemate
643 2048 934 2090 Antliatorum
964 2051 1231 2108 Brunsvigae
1265 2055 1396 2105 1805,
1441 2055 1538 2096 iure
1578 2057 1709 2097 etiam

94 2121 263 2163 tertiam
293 2119 626 2177 Entomologiac
657 2123 956 2176 systematicae
987 2126 1202 2178 speciem,
1234 2126 1534 2177 bilineatam,
1568 2143 1592 2169 a
1621 2127 1708 2170 Mi-

95 2193 161 2236 dis
191 2194 433 2251 segregavit
462 2203 505 2236 et
541 2196 590 2238 111
621 2196 858 2251 Systemate
889 2195 1003 2238 Antl.
1033 2211 1129 2255 pag.
1144 2202 1214 2243 60.
1244 2211 1376 2241 unam
1405 2207 1573 2242 tantum
1603 2215 1707 2255 spe-

160 2391 190 2431 ⁶)
213 2392 307 2422 fabr.
332 2393 353 2422 l.
377 2393 398 2421 l.
423 2398 581 2434 pag.233,
603 2398 739 2428 numss,

161 2448 191 2489 ⁹)
215 2450 374 2481 Latrcille
395 2451 482 2481 Hm,
507 2460 573 2485 nat.
597 2455 654 2484 cles
677 2454 848 2485 Cszzszace's
873 2461 904 2486 et
926 2455 983 2485 des
1006 2454 1157 2487 Insectes.
1193 2456 1288 2487 Tome
1307 2455 1398 2487 XIV.
1431 2456 1527 2487 Paris
1548 2468 1591 2487 αη
1615 2458 1704 2488 XIII

215 2508 337 2548 (1805.)
361 2520 437 2550 pag.
450 2513 524 2545 335,
