2186 3103
573 232 854 278 „Wonograplzzcz
880 234 1025 276 generis
1049 233 1136 269 Mic]
1139 246 1253 268 arum.
1670 246 1718 278 29

106 348 363 389 lusitanious
396 357 438 388 ot
467 346 705 401 rubidapex
735 347 973 401 plurimum
1009 349 1125 389 inter
1160 363 1205 389 se
1242 349 1518 406 longitudine
1559 365 1718 398 anten-

106 433 265 462 narum
303 419 523 462 differunt.
592 419 836 461 Latreillius
867 434 1044 462 omnem
1075 430 1366 464 antennarum
1396 425 1716 481 longitudinem

105 503 276 548 praeter
304 493 455 535 breves
485 493 580 536 illos
618 492 822 534 articulos
861 493 1064 535 basilares
1103 508 1242 536 unum
1279 505 1446 539 tantum
1486 501 1716 544 articulum

106 566 279 608 efficere
309 568 468 618 statuit,
500 580 549 607 ac
581 564 635 606 de
666 567 789 607 tertio
821 565 906 606 hoc
939 575 981 607 et
1011 576 1205 609 extremo
1238 571 1418 612 articulo
1450 571 1574 615 dicit:
1605 577 1716 626 „ul-

105 649 182 682 tra
218 639 448 682 medium
484 639 722 695 partito“
765 638 850 693 (tl.
881 654 975 696 pag.
990 640 1130 696 294),
1176 639 1252 682 sed
1283 641 1389 684 haec
1420 647 1593 699 partitio
1624 650 1716 704 ipsa

104 713 212 754 fines
259 712 448 755 duorum
495 713 779 755 articulorum
817 712 985 755 indicat
1022 723 1063 755 et
1100 715 1150 756 in
1188 715 1485 771 compluribus
1526 725 1717 766 constri-

107 787 252 828 ctione
284 786 470 841 quadam
500 788 590 828 sive
623 788 918 828 coarctatione
948 789 1048 830 satis
1081 787 1272 830 dilucide
1303 792 1570 845 exprimitur.
1644 797 1716 838 Si·-

103 873 187 900 nus
217 860 268 900 in
296 860 506 901 interiore
536 868 656 915 parte
688 861 825 915 apicis
856 861 1029 903 articuli
1057 862 1297 903 terminalis
1329 866 1605 910 tuberculum
1635 869 1717 912 ha·-

104 933 177 974 bet
211 933 416 989 exiguum
453 931 689 975 admodum
729 942 924 984 acutum,
967 933 1085 989 quod
1116 948 1240 986 vero,
1285 951 1386 978 cum
1422 941 1471 980 in
1510 944 1715 985 omnibus

103 1007 332 1062 speciebus
363 1020 456 1048 non
486 1021 622 1062 aeque
645 1007 924 1049 manifestum
953 1008 1020 1057 sit,
1051 1016 1213 1050 temere
1245 1008 1437 1053 additum
1464 1027 1547 1056 nec
1578 1017 1716 1071 ipsam

104 1080 232 1123 huius
265 1081 437 1137 generis
469 1089 668 1121 naturam
697 1088 891 1135 spectare
921 1079 1106 1122 videtur.

215 1153 442 1195 Fabricius
473 1155 658 1195 maxime
690 1153 743 1194 de
773 1156 978 1196 antennis
999 1154 1177 1198 haerere
1203 1156 1386 1209 videtur,
1419 1173 1520 1202 nam
1551 1177 1592 1217 p.
1604 1163 1714 1206 VIII.

104 1227 230 1269 dicit:
260 1227 458 1278 „antenis
489 1240 643 1282 parum
674 1226 955 1278 articulatis“,
993 1228 1126 1270 infra:
1167 1230 1500 1281 „Antennarum
1532 1237 1714 1278 articulo

101 1301 283 1352 „ultimo
315 1301 520 1351 maiori“‚
564 1316 605 1356 p.
624 1305 702 1346 60:
740 1301 1095 1351 „tria1·ticulatae:
1143 1303 1324 1345 articulo
1357 1309 1483 1348 tertio
1516 1310 1713 1362 maiori“‚

101 1390 142 1431 p.
166 1380 234 1421 61.
273 1374 469 1416 tandem:
511 1374 862 1425 „triarticulatae:
907 1375 1090 1417 articulo
1128 1378 1270 1431 primo
1310 1379 1451 1431 brevi,
1501 1385 1714 1435 crassiori,

100 1448 327 1500 „secundo
352 1448 597 1504 cylindrico
628 1449 898 1505 longissimo,
924 1450 1051 1490 tertio
1086 1451 1289 1492 crassiori
1326 1467 1574 1507 compresso
1608 1465 1716 1499 cet.“

100 1525 245 1578 itaque
291 1522 521 1564 articulum
565 1522 810 1564 secundum
855 1522 983 1578 plane
1030 1525 1358 1579 praetermittit,
1424 1527 1588 1571 clavam
1633 1546 1714 1587 pro

100 1610 204 1638 vero
253 1596 435 1638 articulo
484 1595 641 1647 habet,
700 1596 944 1638 Latreillius
994 1606 1144 1639 contra
1196 1599 1426 1642 articulum
1470 1603 1713 1647 secundum

101 1678 218 1713 recte
250 1668 427 1725 quidem
458 1671 672 1726 agnoscit,
704 1678 746 1711 at
775 1669 939 1710 clavam
970 1684 1196 1725 perperam
1229 1672 1410 1714 articulo
1443 1677 1569 1717 tertio
1603 1692 1718 1720 con-

102 1743 258 1786 fundit.

218 1817 479 1859 Generalcm
522 1820 718 1873 corporis
760 1815 1152 1875 descriptionem,>
1191 1819 1363 1874 qualem
1401 1820 1628 1866 Fabricius
1666 1828 1713 1868 in

105 1879 257 1934 ceteris
288 1891 522 1948 generibus
553 1892 790 1947 proposuit,
823 1891 875 1932 de
908 1906 1068 1949 genere
1099 1891 1245 1935 Mida
1275 1894 1324 1934 in
1353 1894 1589 1949 Systcmate
1619 1899 1714 1940 An-

102 1966 321 2008 tliatorum
347 1978 479 2022 agens
504 1978 597 2006 non
619 1963 750 2015 dedit,
783 1974 825 2006 et
854 1965 969 2020 apud
997 1965 1266 2007 Latreillium
1303 1968 1517 2011 eiusmodi
1548 1970 1716 2016 descri-

103 2042 191 2096 ptio
228 2041 344 2080 inter
380 2047 502 2080 notas
539 2038 748 2080 Familiae
780 2047 953 2083 tantum
993 2041 1206 2090 occurrit,
1250 2041 1309 2082 ita
1339 2050 1386 2082 ut
1417 2041 1470 2083 ad
1501 2043 1713 2087 Therevas

101 2127 278 2170 quoque
309 2110 538 2159 reserenda
567 2113 621 2154 sit
649 2121 776 2169 atque
808 2114 864 2156 ob
897 2127 992 2155 eam
1023 2127 1195 2156 causam
1233 2116 1415 2156 omnino
1452 2117 1582 2159 nobis
1621 2133 1714 2161 non

103 2187 345 2231 satisfaciat.

217 2259 461 2302 Latreillius
502 2259 689 2301 multum
725 2261 775 2302 in
813 2259 1113 2302 describendis
1153 2261 1317 2303 alarum
1356 2264 1479 2304 venis
1527 2264 1711 2315 sudavit;

104 2336 176 2377 sed
202 2348 289 2376 una
315 2335 431 2383 icon,
455 2343 654 2375 accurate
686 2333 900 2377 delineata
930 2334 1133 2376 omnibus
1164 2335 1307 2377 verbis
1339 2345 1381 2377 et
1412 2338 1712 2391 copiosissime

105 2408 281 2464 quidem
314 2416 357 2449 et
387 2407 757 2450 abundantissime
789 2408 842 2449 de
867 2408 950 2451 hac
980 2423 1026 2450 re
1059 2410 1298 2465 agentibus,
1330 2410 1614 2465 praeferenda
1639 2423 1713 2454 est.

106 2483 247 2534 Quam
286 2483 342 2524 oh
379 2495 474 2523 rem
512 2481 687 2538 pagellis
721 2482 841 2524 hisce
892 2482 1058 2525 additae
1103 2482 1271 2523 tabulae
1310 2486 1710 2538 praestantissimae,
