2186 3103
233 850 363 910 Cum
392 867 634 924 Meigenio,
665 871 758 911 viro
792 870 1050 921 clarissimo,
1090 869 1341 913 adhortante
1381 880 1478 912 ante
1518 883 1654 912 annos
1685 870 1751 913 XI

144 941 305 984 Midam
326 941 628 983 Lusitanicum
654 942 948 984 describerem
979 947 1026 1000 ¹),
1058 944 1149 986 sola
1174 944 1281 985 haec
1308 944 1390 985 fuit
1420 946 1591 1000 generis
1622 944 1751 985 huius

142 1017 328 1071 species,
374 1029 484 1069 quae
522 1024 693 1069 praeter
729 1016 891 1057 Midam
922 1017 1085 1058 filatum
1113 1017 1239 1059 Fabr.
1268 1027 1361 1058 tum
1390 1017 1501 1058 mihi
1530 1019 1754 1058 innotuis-

143 1099 224 1139 set,
266 1090 391 1129 cuius
413 1087 591 1141 quidem
622 1089 866 1142 exemplum
896 1094 946 1130 in
974 1090 1154 1131 thorace
1185 1092 1374 1131 attritum
1407 1105 1458 1131 ex
1486 1090 1635 1131 Museo
1663 1090 1755 1131 Co-

143 1163 259 1203 mitis
290 1162 341 1202 ab
372 1159 714 1216 Hoffinannsegg
744 1170 836 1203 tum
865 1162 1061 1203 Berolini
1101 1173 1312 1203 asservato
1352 1163 1463 1204 mihi
1493 1165 1752 1217 permissum

145 1243 246 1276 erat.
317 1235 541 1275 Antennas
573 1242 614 1273 et
644 1233 806 1275 alarum
836 1248 967 1276 venas
1000 1233 1177 1288 depinxi
1208 1245 1250 1274 et
1279 1236 1469 1274 tabulam
1500 1250 1521 1275 a
1554 1249 1621 1275 me
1654 1249 1755 1276 exa—

144 1317 278 1350 ratam
308 1316 479 1348 secutus
502 1305 747 1362 Meigenius
776 1309 928 1348 icones
953 1321 1049 1347 suas
1071 1306 1217 1346 edidit.
1237 1308 1271 1358 2)
1331 1307 1462 1347 Anno
1486 1317 1595 1362 post,
1620 1309 1752 1362 quin-

143 1396 227 1437 que
258 1382 346 1422 iam
375 1380 505 1420 huius
544 1382 715 1436 generis
753 1383 919 1434 species
960 1381 1152 1421 exoticae
1190 1379 1301 1420 mihi
1338 1389 1460 1420 erant
1498 1380 1755 1421 describen-

146 1455 223 1497 dae
260 1455 316 1509 3),
371 1454 447 1508 qui
477 1466 685 1494 numerus
716 1468 817 1494 mox
845 1455 904 1495 ita
934 1462 1084 1494 auctus
1115 1461 1197 1503 est,
1257 1461 1305 1493 ut
1342 1451 1577 1494 duodecim
1614 1464 1755 1495 essent

146 1529 330 1583 species,
368 1541 477 1581 quae
508 1526 731 1568 volumine
762 1528 904 1582 primo
937 1527 1038 1568 libri
1068 1527 1175 1576 mei,
1214 1526 1291 1580 qui
1321 1525 1565 1566 secundum
1594 1526 1755 1568 volun-

146 1610 274 1643 tatem
314 1599 568 1641 redemtoris
606 1599 755 1656 lingua
792 1600 1027 1641 vernacula
1064 1600 1253 1656 scriptus
1291 1598 1474 1653 prodiit,
1528 1598 1752 1641 Hamonae

151 1678 275 1723 1828,
328 1680 676 1714 recenserentur.
715 1671 749 1724 4)
837 1671 922 1711 Sed
954 1686 1009 1712 ex
1040 1686 1128 1726 quo
1161 1672 1439 1712 conventum
1470 1671 1753 1726 Physicorum

149 1747 504 1800 Medicorumque
543 1745 823 1795 Germaniae,
875 1744 1069 1785 Berolini
1113 1745 1243 1786 Anno
1278 1748 1389 1789 1828
1427 1744 1625 1787 habitum
1663 1746 1754 1788 fre-

145 1822 370 1876 quentavi,
418 1828 459 1860 et
486 1820 871 1860 instructissimum
902 1819 1060 1875 Regiae
1090 1817 1205 1859 illius
1234 1817 1433 1859 Museum
1462 1819 1752 1876 Zoologicum

146 1894 419 1950 perlustravi,
450 1906 544 1933 non
574 1893 716 1933 solum
744 1893 794 1934 in
825 1902 923 1933 octo
955 1905 1089 1933 novas
1120 1893 1288 1946 species
1318 1891 1477 1942 incidi,
1517 1892 1593 1933 sed
1624 1894 1752 1934 etiam

150 1967 336 2022 plurium
375 1966 671 2021 exemplorum
710 1967 1033 2020 comparatione
1075 1965 1127 2006 de
1165 1965 1390 2007 nonnullis
1421 1967 1619 2020 priorum
1649 1980 1753 2007 scn—

148 2043 323 2083 tentiam
363 2055 505 2081 meam
540 2042 600 2082 ita
634 2041 880 2089 immutavi,
926 2049 974 2081 ut
1001 2040 1100 2081 loco
1132 2039 1334 2090 duarum,
1381 2054 1490 2095 quae
1522 2040 1624 2082 olim
1657 2040 1752 2081 suc-

216 2248 244 2287 Β)
270 2249 399 2289 Meigen
421 2250 665 2290 systematische
680 2250 915 2290 Beschreihung
942 2251 1001 2281 der
1027 2250 1206 2281 bekannten
1233 2248 1467 2290 europdischen
1496 2247 1750 2290 mucfflz'Igeligen

274 2308 436 2340 Insekten.
479 2308 617 2339 Zweiter
633 2309 733 2339 The-il.
768 2310 1002 2344 Aachen1820.
1033 2311 1062 2340 S.
1079 2313 1148 2343 130.

220 2367 246 2405 ²>
270 2366 309 2396 L.
332 2367 354 2395 1.
399 2366 479 2395 Tab.
505 2372 552 2401 16.
595 2369 662 2407 Fig.
683 2371 711 2402 5.
736 2373 766 2402 6.

216 2423 248 2463 ὃ)
270 2424 406 2463 Diptera
428 2426 551 2454 exotica
573 2427 598 2460 Ι,
642 2427 745 2457 Kiliae
767 2429 858 2460 1821.

219 2482 246 2521 ⁴}
272 2483 602 2523 Aussercuropiiische
623 2485 858 2526 zweifliigcligc
881 2483 1031 2514 Insekmz
1051 2483 1077 2512 I.
1111 2494 1185 2523 pag.
1198 2485 1367 2517 239—44.
1393 2484 1454 2516 559
1468 2483 1539 2514 225-
