2186 3103
564 241 653 274 Mon
660 242 845 286 ograplzia
878 243 1022 285 generis
1055 241 1260 275 Midarmn
1667 244 1715 280 25

105 357 205 399 satis
237 365 332 412 apte
365 357 609 413 comparari
637 365 838 412 possunt,
879 357 983 398 huic
1022 370 1187 398 nomen
1224 371 1349 399 suum
1382 357 1600 409 dederint,
1644 359 1715 400 id-

105 444 189 486 quc
223 446 273 472 eo
305 431 486 473 meliore
516 433 625 482 iure,
657 446 744 486 quo
777 431 971 486 Physicis
1003 431 1228 472 nonnullis
1260 431 1429 473 auditus
1460 446 1634 474 sensum
1665 435 1713 473 in

104 506 308 546 antennis
347 504 495 546 sedem
532 520 654 547 suam
688 505 849 546 habere
890 505 1063 559 placuit.
1144 504 1282 555 Quam
1323 506 1377 546 ob
1419 519 1512 547 rem
1549 519 1712 547 nomen

103 577 210 620 illud
239 580 288 620 in
317 587 537 634 posterum
570 581 740 637 generis
771 580 825 621 sit
853 579 1087 621 masculini
1118 587 1159 620 et
1198 579 1365 621 literam
1397 594 1436 637 y
1474 593 1574 620 cum
1613 579 1713 621 lite-

102 663 150 694 ra
178 651 197 694 i
227 655 482 694 commutet!

218 733 305 774 Sed
336 735 597 790 quibusnam
627 737 743 777 notis
775 736 992 792 genericis
1031 749 1054 776 a
1083 734 1286 777 Fabricio
1316 734 1465 776 Genus
1497 733 1713 776 Midarum

100 807 343 862 praeditum
377 806 466 848 est?
517 808 730 850 Ordinem
761 809 881 851 ducit
911 807 1048 850 Midas
1078 809 1128 850 in
1158 807 1374 850 divisione
1405 807 1596 849 secunda
1627 808 1713 862 Sy-

99 882 289 923 stematis
319 881 609 923 Antliatorum
639 898 679 937 p.
695 881 806 924 VIII.

214 963 459 1013 „Antennis
489 977 643 1018 parum
675 963 928 1013 articulatis,
967 964 1199 1018 porrectis,
1243 962 1394 1013 nudis,
1440 976 1515 1004 ore
1546 963 1713 1018 probo·-

98 1035 248 1086 „scide
279 1036 617 1092 haustelloque.“

216 1127 258 1159 et
286 1119 336 1160 in
368 1127 606 1172 conspectu
637 1118 829 1174 generali
859 1117 1010 1160 eadem
1040 1119 1200 1175 pagina
1230 1118 1288 1159 ita
1318 1116 1596 1159 describitur:

96 1196 269 1255 „Palpi
297 1200 449 1241 breves
480 1200 709 1241 subulati.‘⁴

100 1272 434 1323 „Antennarum
465 1272 647 1315 articulo
677 1272 829 1314 ultimo
861 1273 1036 1323 maiori,
1070 1277 1360 1328 compresso.“

214 1354 353 1405 Infra,
384 1356 434 1395 in
462 1363 580 1396 textu
608 1357 704 1410 ipso
737 1358 848 1412 (pag.
865 1355 954 1410 60.)
988 1353 1159 1396 additur

99 1436 189 1487 „Os
220 1435 338 1478 haud
367 1442 660 1491 porrectum.“

97 1509 248 1566 „Palpi
278 1509 364 1551 duo
398 1512 571 1561 exserti,
603 1510 774 1562 breves,
805 1509 1033 1551 subulati.“

97 1585 358 1635 „Antennae
386 1592 612 1638 porrectae
643 1583 971 1626 triarticulatae:
1002 1580 1183 1625 articulo
1214 1581 1341 1622 tertio
1372 1580 1542 1630 maiori,
1574 1589 1710 1630 ovato,

100 1662 419 1712 „compresso.“

215 1747 258 1779 et
286 1752 388 1780 mox
416 1739 466 1779 in
495 1747 612 1780 textu
643 1738 696 1780 de
727 1738 845 1781 Mida
875 1738 986 1780 filata
1016 1751 1111 1794 pag.
1128 1741 1196 1783 61.
1230 1736 1339 1778 haec
1369 1735 1594 1792 leguntur:

97 1827 191 1879 „Os
220 1827 339 1870 haud
368 1837 633 1883 porrectum,
665 1837 865 1884 apertura
894 1842 1025 1884 parva
1056 1827 1256 1883 oblonga,
1285 1825 1567 1881 proboscide,
1599 1825 1711 1866 hau-

99 1901 250 1952 „stello
287 1901 529 1958 palpisque.
595 1901 842 1946 Proboscis
882 1910 1065 1952 exserta,
1104 1903 1175 1942 vix
1205 1899 1452 1950 retractiliS,
1490 1907 1708 1954 porrecta:

99 1977 272 2031 „stipite
304 1988 489 2026 corneo,
537 1974 807 2031 cylindrico,
858 1975 1069 2032 elongato,
1106 1975 1189 2016 late
1221 1972 1524 2023 canaliculato,
1565 1971 1710 2013 medio

98 2047 398 2107 ‚,geniculato‚
433 2049 642 2106 capitulo
673 2063 825 2104 parvo,
857 2062 1063 2098 carnoso,
1093 2048 1317 2090 bilabiato:
1347 2047 1518 2089 laciniis
1548 2059 1712 2100 aequa-

97 2122 253 2174 ‚,libus,
280 2121 446 2164 ciliatis.
488 2122 791 2166 Haustellum
806 2123 951 2173 breve,
980 2123 1136 2179 vagina
1164 2121 1370 2172 univalvi‚
1403 2133 1578 2170 cornea,
1610 2119 1712 2159 lon-

100 2196 327 2254 „gitudine
356 2196 534 2252 stipitis,
566 2197 690 2251 apice
722 2196 892 2248 obtusa,
924 2197 1200 2253 emarginata.
1265 2193 1404 2237 Setae
1433 2203 1517 2235 tres
1549 2206 1711 2248 aequa-

100 2270 206 2321 ‚‚les,
235 2277 443 2320 setaceae,
475 2283 674 2321 corneae,
705 2278 868 2321 acutae,
899 2268 1174 2327 longitudine
1203 2269 1397 2326 vaginae.
1454 2266 1597 2323 Palpz’
1623 2265 1708 2306 duo

104 2344 306 2396 „breves,
337 2344 513 2395 exserti,
543 2343 749 2394 subulati‚
788 2342 1063 2401 longitudine
1095 2341 1275 2384 dimidia
1303 2342 1484 2398 vaginae
1514 2337 1712 2380 haustelli

105 2416 188 2468 „ad
217 2417 343 2459 basin
372 2416 644 2472 proboscidis
675 2419 841 2460 inserti.
907 2418 1152 2461 Antennae
1182 2423 1426 2470 porrectae,
1471 2412 1711 2469 elongatae,

108 2491 478 2546 „approximataffi
525 2491 848 2533 triarticulatae:
910 2489 1091 2532 articulo
1131 2491 1275 2543 primo
1316 2488 1457 2537 brevi,
1500 2486 1712 2530 crassiori,

216 2571 343 2598 J·0r‚x1·”.
372 2572 438 2597 ΡΠ
1294 2566 1312 2596 4
