2186 3103
582 217 866 262 Affonograplzia
891 219 1037 261 generis
1064 218 1271 253 Midarzcm.
1690 230 1725 261 {y

114 352 146 373 s.
177 333 382 374 articulus
413 342 590 388 quartus
620 333 748 388 paulo
779 333 890 374 ultra
923 335 1127 374 trientem
1165 336 1392 377 basilarem
1429 337 1587 380 iterum
1623 355 1727 395 par-

112 408 200 448 tita.
258 406 482 461 Epistoma
512 409 707 465 nigrum,
742 406 841 460 pilis
870 406 1007 462 nigris
1039 405 1264 461 adpressis.
1323 409 1493 452 Thorax
1523 420 1612 453 ater
1640 415 1726 454 vita

112 483 165 522 tis
197 480 335 523 tribus
366 495 520 536 parum
552 480 815 533 conspicuis,
847 480 992 520 minus
1023 481 1142 521 atris:
1173 480 1317 524 media
1345 482 1723 540 longitudinaliter

111 553 261 594 divisa.
321 553 553 594 Abdomen
588 555 718 594 maris
758 552 1037 607 chalybeum,
1074 553 1263 595 feminae
1299 556 1370 597 vix
1408 557 1722 609 coerulcscens‚

114 635 231 668 certo
262 625 453 682 quodam
482 627 568 669 situ
597 627 847 669 subsericeo
877 627 1058 669 micans.
1124 627 1227 669 Alae
1256 629 1388 671 maris
1418 642 1540 672 nunc
1574 631 1724 672 colco-

236 853 370 894 glabris‚
408 854 549 892 exceptis
571 855 675 892 primo
699 853 917 893 holosericeo,
952 863 1080 894 auoque
1107 865 1131 884 s.
1152 860 1299 885 extremo
1316 855 1389 894 pilis
1407 857 1530 896 aliquot
1551 859 1627 888 raris
1650 868 1721 888 mu-

234 913 315 942 nito.
371 912 472 941 Pedes
495 921 561 948 sex,
587 922 726 951 quorum
749 923 807 952 par
827 921 1032 953 postremum
1055 914 1167 950 maius,
1196 913 1333 953 longius,
1362 914 1540 946 femoribus
1565 919 1719 946 crassiori-

236 971 314 1006 bus,
344 970 429 1000 tibiis
452 971 525 1009 pilis
548 972 744 1000 tenuissimis
768 972 894 1009 obsitis,
919 973 1073 1012 tersisque
1097 973 1410 1011 quinquarticulatis,
1435 976 1617 1014 unguiculis
1642 976 1718 1004 duo—

233 1028 304 1058 bus.
333 1032 361 1063 a)
414 1029 494 1058 Alae
517 1030 663 1068 margine
686 1031 836 1059 crassiore
860 1036 994 1059 externo
1018 1032 1152 1060 omnino
1175 1032 1300 1070 nigrae,
1340 1041 1474 1070 opacae,
1505 1035 1650 1073 margine
1673 1040 1720 1063 te-

234 1088 350 1116 nuiore
373 1087 481 1116 solum
503 1087 696 1126 fuliginosae
719 1094 751 1117 et
773 1087 968 1126 diaphanae,
1001 1089 1088 1116 venis
1117 1087 1266 1117 distincte
1293 1090 1533 1127 apparentibus.
1586 1092 1626 1120 In
1654 1092 1721 1121 basi

233 1145 359 1175 alarum
383 1146 628 1184 conspiciuntur
649 1146 755 1175 lobuli
775 1145 855 1181 (luo,
883 1147 989 1176 maior
1010 1151 1043 1176 et
1063 1147 1186 1184 minor,
1218 1148 1305 1186 quasi
1327 1147 1438 1177 fissura
1462 1147 1561 1178 divisi.
1607 1149 1718 1180 Halte-

233 1213 282 1234 res
304 1201 486 1240 siliformes,
516 1203 659 1242 capitulo
680 1202 831 1240 rotundo,
855 1208 1014 1233 truncato.

278 1261 378 1291 Color
398 1263 495 1291 totius
519 1261 651 1291 Muscae
672 1263 775 1302 niger,
798 1268 831 1291 at
853 1261 1028 1291 abdomine
1051 1263 1083 1291 in
1107 1262 1258 1292 coeruleo
1280 1263 1421 1293 nitidum
1445 1264 1617 1295 incidente.

276 1321 505 1349 Antennarum
526 1318 694 1361 longitudo
722 1318 752 1362 ss
781 1321 952 1359 pollicum.
1006 1319 1188 1360 Longitudo
1217 1322 1314 1350 totius
1342 1323 1476 1352 Muscae
1504 1333 1521 1352 a
1549 1326 1652 1364 capite
1681 1325 1718 1353 ad

231 1387 331 1408 anum
354 1377 410 1420 2ss
436 1379 515 1418 poll.
565 1378 750 1419 Longitudo
780 1378 962 1408 abdominis
986 1376 1040 1419 172
1068 1379 1145 1417 poll.
1171 1379 1307 1408 latitudo
1342 1377 1367 1421 73
1399 1381 1478 1419 poll.
1528 1382 1629 1422 Long.
1654 1384 1715 1412 ala-

230 1446 305 1466 rum
331 1435 402 1479 178,
436 1436 573 1467 latitudo
596 1439 630 1467 in
651 1437 761 1468 medio
789 1434 819 1479 ’Δ
849 1437 996 1467 distantia
1019 1438 1148 1476 apicum
1173 1438 1297 1468 alarum
1327 1438 1571 1470 horizontalitcr
1597 1450 1715 1480 expan-

228 1504 336 1526 sarum
358 1498 379 1530 4
400 1496 571 1535 pollicum.

273 1553 380 1584 Huius
410 1555 542 1585 Muscae
570 1555 775 1592 oeconomia,
810 1553 1033 1592 habitudines,
1069 1556 1183 1592 victus,
1217 1555 1497 1595 metamorphoses
1527 1563 1717 1597 ceteraeque

229 1613 394 1652 qualitates
416 1615 583 1652 hucusque
605 1614 740 1642 omnino
762 1614 890 1652 ignotae
913 1621 998 1644 sunt.

270 1673 299 1701 A
326 1671 429 1701 tribus
451 1671 620 1711 speciebus
642 1671 741 1701 huius
764 1671 910 1708 Generis,
933 1672 967 1700 in
990 1671 1128 1702 Fabricii
1152 1672 1296 1712 Systema
1319 1674 1465 1712 receptis,
1494 1671 1574 1702 haec
1598 1672 1713 1713 Mydas

226 1731 373 1771 gigantea
395 1730 603 1770 distinguitur
628 1729 854 1771 magnitudine
881 1731 1025 1767 insolita,
1062 1729 1237 1761 abdomine
1265 1731 1434 1761 unicolore
1462 1732 1711 1767 coerulescente,

229 1789 350 1828 absque
371 1790 507 1819 maculis
531 1788 707 1828 diaphanis‚
731 1787 934 1828 pedibusque
956 1789 1064 1829 nigris.

269 1847 421 1876 Pluribus
444 1845 551 1877 forsan
572 1849 787 1888 imposterum
809 1847 942 1877 detectis
965 1847 1130 1886 speciebus
1154 1851 1250 1874 notae
1264 1846 1489 1876 verosimiliter
1510 1849 1713 1887 apparebunt

226 1904 323 1934 huius
336 1903 478 1941 Muscae‚
503 1903 617 1942 quibus
629 1912 752 1932 novum
767 1912 869 1942 genus
893 1903 972 1943 erigi
985 1904 1096 1941 possin
1121 1913 1197 1932 cum
1219 1913 1294 1933 vero
1316 1903 1485 1943 hucusque
1508 1907 1603 1935 unica
1627 1906 1709 1936 haec

224 1964 345 2002 species
367 1967 495 1992 tantum
517 1962 675 1997 innotuit,
707 1961 821 1990 referri
842 1970 936 1999 posse
957 1961 996 1990 ad
1020 1961 1132 1990 Genus
1155 1960 1328 2001 Mydarum
1351 1962 1542 2000 arbitrabar,
1573 1974 1709 2003 quarum

226 2021 403 2050 maximam
427 2019 522 2049 offert
544 2020 736 2060 analogiam,
760 2019 922 2048 afamiliis
934 2018 1112 2048 Bibionum
1136 2025 1169 2049 et
1180 2020 1433 2060 Stratiomydum
1457 2022 1556 2061 magis
1579 2022 1708 2052 distans.

271 2079 348 2109 Icon
371 2077 493 2108 adiecta
515 2077 775 2118 magnitudinem
797 2077 982 2107 naturalem
1004 2077 1113 2107 refert.
1142 2080 1173 2113 b)

296 2188 317 2217 ε)
337 2182 412 2212 Curn
437 2185 647 2220 Thunbergius
671 2186 808 2212 dentium
831 2185 890 2212 sive
916 2186 1068 2219 spinarum
1089 2184 1121 2210 in
1146 2185 1304 2219 postremis
1329 2185 1452 2219 pedibus
1477 2186 1592 2212 nullam
1616 2188 1707 2214 faciat

341 2228 535 2261 mentionem,
560 2227 595 2253 de
614 2227 673 2253 alia
690 2229 789 2261 specie
809 2228 941 2262 cogitare
960 2228 1025 2262 quis
1044 2227 1146 2261 possit,
1171 2227 1221 2251 sed
1239 2227 1290 2252 isti
1309 2231 1370 2252 tam
1388 2227 1489 2253 breves
1509 2232 1588 2259 sunt,
1614 2233 1648 2253 ut
1666 2231 1705 2262 pi-

341 2269 388 2302 lis,
408 2270 469 2295 sive
487 2270 566 2302 setis,
587 2270 651 2295 fere
669 2273 818 2303 tegantur.

298 2318 322 2347 ⁴0)
340 2319 455 2345 Nomen
479 2319 578 2345 Midae
593 2319 738 2353 ,gigantei
761 2319 832 2344 huic
858 2318 966 2352 speciei
991 2317 1094 2344 eodem
1118 2318 1182 2344 fere
1208 2321 1343 2352 tempore
1367 2318 1510 2350 imposui,
1543 2327 1577 2344 ac
1602 2319 1704 2344 beatus

341 2360 558 2395 Thunbergius.
607 2361 749 2386 Ceterum
767 2360 1062 2386 animadvertendum
1080 2364 1134 2393 est,
1153 2360 1337 2394 Thunbergii
1356 2360 1586 2393 descriptionem
1605 2361 1636 2386 iu
1654 2361 1702 2393 iis,

341 2410 416 2435 quae
434 2403 673 2435 magnitudinem
691 2406 836 2436 spectant,
856 2411 927 2428 cum
944 2410 987 2435 ea,
1007 2410 1096 2435 quam
1115 2401 1239 2434 addidit,
1257 2402 1344 2427 icone
1361 2409 1467 2435 parum
1487 2402 1653 2434 convenire,
1674 2403 1702 2427 in

342 2452 400 2477 qua
419 2443 536 2477 singula
553 2444 707 2478 aliquanto
734 2445 847 2470 minora
870 2444 1064 2477 brevioraque
1088 2447 1247 2477 apparent,
1272 2443 1314 2467 ita
1332 2447 1368 2469 ut
1384 2443 1416 2468 in
1435 2442 1626 2468 describendo
1645 2452 1702 2468 non

341 2485 459 2511 Gallica
478 2493 632 2518 mensura,
650 2494 709 2520 qua
727 2487 825 2513 solent
843 2486 968 2518 eruditi,
988 2485 1038 2511 sed
1057 2485 1256 2519 Hamhurgica
1277 2493 1345 2510 usus
1365 2493 1426 2510 esse
1445 2485 1587 2510 videatur.
